%% This BibTeX bibliography file was created using BibDesk.
%% http://bibdesk.sourceforge.net/


%% Created for Jonathan Ostroff at 2012-09-24 15:01:53 -0400 


%% Saved with string encoding Unicode (UTF-8) 



@book{Lamsweerde09,
	Author = {Axel van Lamsweerde.},
	Date-Added = {2012-09-24 19:00:10 +0000},
	Date-Modified = {2012-09-24 19:01:53 +0000},
	Publisher = {Wiley},
	Title = {Requirements Engineering: From System Goals to UML Models to Software Specifications},
	Year = {2009}}

@book{GS93,
	Author = {David Gries and Fred B. Schneider},
	Date-Added = {2012-09-23 18:59:22 +0000},
	Date-Modified = {2012-09-23 19:01:13 +0000},
	Publisher = {Springer-Verlag},
	Title = {A logical approach to discrete math},
	Year = {1993}}

@book{Spivey92,
	Author = {J.M Spivey},
	Date-Added = {2012-09-09 23:17:14 +0000},
	Date-Modified = {2012-09-09 23:18:21 +0000},
	Publisher = {Prentice Hall},
	Title = {The Z notation},
	Year = {1992}}
